[gd_scene load_steps=32 format=3 uid="uid://g6aomi652i2v"]

[ext_resource type="Script" path="res://Scenes/Player.gd" id="1_yrl73"]
[ext_resource type="Texture2D" uid="uid://ccrok8jlurdpw" path="res://aventurer/Individual Sprites/adventurer-fall-00.png" id="2_adp8q"]
[ext_resource type="Texture2D" uid="uid://dpeelfvdk7ntx" path="res://aventurer/Individual Sprites/adventurer-fall-01.png" id="3_t75lv"]
[ext_resource type="Texture2D" uid="uid://c6k8oehtkgyk4" path="res://aventurer/Individual Sprites/adventurer-idle-00.png" id="3_w67bb"]
[ext_resource type="Texture2D" uid="uid://chte8h52anbam" path="res://aventurer/Individual Sprites/adventurer-idle-01.png" id="4_f8mvq"]
[ext_resource type="Texture2D" uid="uid://c363rlw3dewmw" path="res://aventurer/Individual Sprites/adventurer-run-00.png" id="4_j1d6s"]
[ext_resource type="Texture2D" uid="uid://dsuuxvcyaayxn" path="res://aventurer/Individual Sprites/adventurer-run-01.png" id="5_6077u"]
[ext_resource type="Texture2D" uid="uid://bos1cwbeee1lp" path="res://aventurer/Individual Sprites/adventurer-jump-00.png" id="6_de567"]
[ext_resource type="Texture2D" uid="uid://p7tio8gtcwdc" path="res://aventurer/Individual Sprites/adventurer-run-02.png" id="6_vvyyv"]
[ext_resource type="Texture2D" uid="uid://c36qqe71oakgx" path="res://aventurer/Individual Sprites/adventurer-run-03.png" id="7_aqlv4"]
[ext_resource type="Texture2D" uid="uid://cqkmilr0q1dpu" path="res://aventurer/Individual Sprites/adventurer-jump-01.png" id="7_pmoj8"]
[ext_resource type="Texture2D" uid="uid://ctvb2t134j1rx" path="res://aventurer/Individual Sprites/adventurer-jump-02.png" id="8_fpud2"]
[ext_resource type="Texture2D" uid="uid://b6dxhuot0o6xd" path="res://aventurer/Individual Sprites/adventurer-run-04.png" id="8_k6bcn"]
[ext_resource type="Texture2D" uid="uid://cr0hy06vvad32" path="res://aventurer/Individual Sprites/adventurer-jump-03.png" id="9_6dhgm"]
[ext_resource type="Texture2D" uid="uid://mns1q5gr855u" path="res://aventurer/Individual Sprites/adventurer-run-05.png" id="9_72f3g"]

[sub_resource type="RectangleShape2D" id="RectangleShape2D_s7osj"]
size = Vector2(15, 27)

[sub_resource type="AtlasTexture" id="AtlasTexture_rr1ck"]
atlas = ExtResource("2_adp8q")
region = Rect2(12, 1, 30, 31)

[sub_resource type="AtlasTexture" id="AtlasTexture_a0xrq"]
atlas = ExtResource("3_t75lv")
region = Rect2(12, 2, 30, 30)

[sub_resource type="AtlasTexture" id="AtlasTexture_lmcnd"]
atlas = ExtResource("3_w67bb")
region = Rect2(8, 6, 30, 30)

[sub_resource type="AtlasTexture" id="AtlasTexture_slgsc"]
atlas = ExtResource("4_f8mvq")
region = Rect2(8, 6, 30, 30)

[sub_resource type="AtlasTexture" id="AtlasTexture_logxc"]
atlas = ExtResource("6_de567")
region = Rect2(10, 6, 30, 30)

[sub_resource type="AtlasTexture" id="AtlasTexture_s11p1"]
atlas = ExtResource("7_pmoj8")
region = Rect2(10, 6, 30, 30)

[sub_resource type="AtlasTexture" id="AtlasTexture_dnnbw"]
atlas = ExtResource("8_fpud2")
region = Rect2(10, 6, 30, 30)

[sub_resource type="AtlasTexture" id="AtlasTexture_y78kc"]
atlas = ExtResource("9_6dhgm")
region = Rect2(10, 6, 30, 30)

[sub_resource type="AtlasTexture" id="AtlasTexture_co3ky"]
atlas = ExtResource("4_j1d6s")
region = Rect2(12, 6, 30, 30)

[sub_resource type="AtlasTexture" id="AtlasTexture_f7agm"]
atlas = ExtResource("5_6077u")
region = Rect2(12, 6, 30, 30)

[sub_resource type="AtlasTexture" id="AtlasTexture_vqsv3"]
atlas = ExtResource("6_vvyyv")
region = Rect2(12, 6, 30, 30)

[sub_resource type="AtlasTexture" id="AtlasTexture_45wws"]
atlas = ExtResource("7_aqlv4")
region = Rect2(12, 6, 30, 30)

[sub_resource type="AtlasTexture" id="AtlasTexture_0532c"]
atlas = ExtResource("8_k6bcn")
region = Rect2(12, 6, 30, 30)

[sub_resource type="AtlasTexture" id="AtlasTexture_llyfp"]
atlas = ExtResource("9_72f3g")
region = Rect2(12, 6, 30, 30)

[sub_resource type="SpriteFrames" id="SpriteFrames_g7wga"]
animations = [{
"frames": [{
"duration": 1.0,
"texture": SubResource("AtlasTexture_rr1ck")
}, {
"duration": 1.0,
"texture": SubResource("AtlasTexture_a0xrq")
}],
"loop": false,
"name": &"fall",
"speed": 5.0
}, {
"frames": [{
"duration": 1.0,
"texture": SubResource("AtlasTexture_lmcnd")
}, {
"duration": 1.0,
"texture": SubResource("AtlasTexture_slgsc")
}],
"loop": true,
"name": &"idel",
"speed": 2.0
}, {
"frames": [{
"duration": 1.0,
"texture": SubResource("AtlasTexture_logxc")
}, {
"duration": 1.0,
"texture": SubResource("AtlasTexture_s11p1")
}, {
"duration": 1.0,
"texture": SubResource("AtlasTexture_dnnbw")
}, {
"duration": 1.0,
"texture": SubResource("AtlasTexture_y78kc")
}],
"loop": false,
"name": &"jump_up",
"speed": 5.0
}, {
"frames": [{
"duration": 1.0,
"texture": SubResource("AtlasTexture_co3ky")
}, {
"duration": 1.0,
"texture": SubResource("AtlasTexture_f7agm")
}, {
"duration": 1.0,
"texture": SubResource("AtlasTexture_vqsv3")
}, {
"duration": 1.0,
"texture": SubResource("AtlasTexture_45wws")
}, {
"duration": 1.0,
"texture": SubResource("AtlasTexture_0532c")
}, {
"duration": 1.0,
"texture": SubResource("AtlasTexture_llyfp")
}],
"loop": false,
"name": &"run",
"speed": 7.0
}]

[node name="Player" type="CharacterBody2D"]
script = ExtResource("1_yrl73")
speed = 120.0

[node name="AnimationPlayer" type="AnimationPlayer" parent="."]

[node name="CollisionShape2D" type="CollisionShape2D" parent="." groups=["Player"]]
position = Vector2(3.5, 2.5)
shape = SubResource("RectangleShape2D_s7osj")

[node name="AnimatedSprite2D" type="AnimatedSprite2D" parent="."]
position = Vector2(2, 2)
sprite_frames = SubResource("SpriteFrames_g7wga")
animation = &"idel"
autoplay = "idel"
